%YAML 1.1
%TAG !u! tag:unity3d.com,2011:
--- !u!1 &100000
GameObject:
  m_ObjectHideFlags: 0
  m_PrefabParentObject: {fileID: 0}
  m_PrefabInternal: {fileID: 100100000}
  serializedVersion: 4
  m_Component:
  - 4: {fileID: 400000}
  - 12: {fileID: 1200000}
  - 26: {fileID: 2600000}
  - 87: {fileID: 8700000}
  - 114: {fileID: 11400002}
  m_Layer: 0
  m_Name: virtical 18(Clone)
  m_TagString: Untagged
  m_Icon: {fileID: 0}
  m_NavMeshLayer: 0
  m_StaticEditorFlags: 0
  m_IsActive: 1
--- !u!1002 &100001
EditorExtensionImpl:
  serializedVersion: 6
--- !u!4 &400000
Transform:
  m_ObjectHideFlags: 1
  m_PrefabParentObject: {fileID: 0}
  m_PrefabInternal: {fileID: 100100000}
  m_GameObject: {fileID: 100000}
  m_LocalRotation: {x: 0, y: 0, z: 0, w: 1}
  m_LocalPosition: {x: 41.1580429, y: 0, z: 56.4709778}
  m_LocalScale: {x: 35, y: 0, z: 35}
  m_Children: []
  m_Father: {fileID: 0}
--- !u!1002 &400001
EditorExtensionImpl:
  serializedVersion: 6
--- !u!12 &1200000
ParticleAnimator:
  m_ObjectHideFlags: 1
  m_PrefabParentObject: {fileID: 0}
  m_PrefabInternal: {fileID: 100100000}
  m_GameObject: {fileID: 100000}
  Does Animate Color?: 1
  colorAnimation[0]:
    serializedVersion: 2
    rgba: 4294960483
  colorAnimation[1]:
    serializedVersion: 2
    rgba: 4294962323
  colorAnimation[2]:
    serializedVersion: 2
    rgba: 3103784959
  colorAnimation[3]:
    serializedVersion: 2
    rgba: 1559606697
  colorAnimation[4]:
    serializedVersion: 2
    rgba: 16102825
  worldRotationAxis: {x: 0, y: 0, z: 0}
  localRotationAxis: {x: 0, y: 0, z: 0}
  sizeGrow: 0
  rndForce: {x: 0, y: 0, z: 0}
  force: {x: 0, y: 0, z: 0}
  damping: 1
  stopSimulation: 0
  autodestruct: 0
--- !u!26 &2600000
ParticleRenderer:
  m_ObjectHideFlags: 1
  m_PrefabParentObject: {fileID: 0}
  m_PrefabInternal: {fileID: 100100000}
  m_GameObject: {fileID: 100000}
  m_Enabled: 1
  m_CastShadows: 1
  m_ReceiveShadows: 1
  m_LightmapIndex: 255
  m_LightmapTilingOffset: {x: 1, y: 1, z: 0, w: 0}
  m_Materials:
  - {fileID: 2100000, guid: a9b3b26426c8d5640bcf7435486c1b07, type: 2}
  m_SubsetIndices: 
  m_StaticBatchRoot: {fileID: 0}
  m_UseLightProbes: 0
  m_LightProbeAnchor: {fileID: 0}
  m_ScaleInLightmap: 1
  serializedVersion: 2
  m_CameraVelocityScale: 0
  m_StretchParticles: 0
  m_LengthScale: -8
  m_VelocityScale: 0
  m_MaxParticleSize: 10
  UV Animation:
    x Tile: 1
    y Tile: 1
    cycles: 1
--- !u!87 &8700000
MeshParticleEmitter:
  m_ObjectHideFlags: 1
  m_PrefabParentObject: {fileID: 0}
  m_PrefabInternal: {fileID: 100100000}
  m_GameObject: {fileID: 100000}
  serializedVersion: 2
  m_Enabled: 1
  m_Emit: 1
  minSize: 17.5
  maxSize: 30
  minEnergy: .300000012
  maxEnergy: 1
  minEmission: 100
  maxEmission: 100
  worldVelocity: {x: 0, y: 0, z: 0}
  localVelocity: {x: 0, y: 3, z: 0}
  rndVelocity: {x: 0, y: 3, z: 0}
  emitterVelocityScale: .0500000007
  tangentVelocity: {x: 0, y: 0, z: 0}
  angularVelocity: 0
  rndAngularVelocity: 0
  rndRotation: 1
  Simulate in Worldspace?: 1
  m_OneShot: 0
  m_InterpolateTriangles: 1
  m_Systematic: 0
  m_MinNormalVelocity: 0
  m_MaxNormalVelocity: 0
  m_Mesh: {fileID: 4300000, guid: ee68aff87555b4942836e524b6c5149a, type: 3}
--- !u!114 &11400002
MonoBehaviour:
  m_ObjectHideFlags: 1
  m_PrefabParentObject: {fileID: 0}
  m_PrefabInternal: {fileID: 100100000}
  m_GameObject: {fileID: 100000}
  m_Enabled: 1
  m_EditorHideFlags: 0
  m_Script: {fileID: 1384774831, guid: e743331561ef77147ae48cda9bcb8209, type: 3}
  m_Name: 
  fsm:
    usedInTemplate: {fileID: 0}
    name: "\u72C0\u614B\u6A5F"
    startState: Init
    states:
    - name: Init
      description: 
      colorIndex: 0
      position:
        serializedVersion: 2
        x: 278
        y: 146
        width: 100
        height: 32
      isBreakpoint: 0
      hideUnused: 0
      transitions:
      - fsmEvent:
          name: FINISHED
          isSystemEvent: 1
          isGlobal: 0
        toState: State 1
        linkStyle: 0
        linkConstraint: 0
        colorIndex: 0
      actionData:
        actionNames:
        - particleEmitterOnOff
        - HutongGames.PlayMaker.Actions.Wait
        customNames:
        - 
        - 
        actionEnabled: 0101
        actionIsOpen: 0101
        actionStartIndex: 0000000002000000
        actionHashCodes: 1cc678f63708ec1a
        unityObjectParams: []
        fsmGameObjectParams: []
        fsmOwnerDefaultParams:
        - ownerOption: 0
          gameObject:
            useVariable: 0
            name: 
            tooltip: 
            showInInspector: 0
            networkSync: 0
            value: {fileID: 0}
        animationCurveParams: []
        functionCallParams: []
        fsmTemplateControlParams: []
        fsmEventTargetParams: []
        fsmPropertyParams: []
        layoutOptionParams: []
        fsmStringParams: []
        fsmObjectParams: []
        fsmVarParams: []
        byteData: 01006666a63f0046494e495348454400
        arrayParamSizes: 
        arrayParamTypes: []
        customTypeSizes: 
        customTypeNames: []
        paramDataType: 14000000110000000f0000001700000001000000
        paramName:
        - gameObject
        - emitOnOff
        - time
        - finishEvent
        - realTime
        paramDataPos: 000000000000000002000000070000000f000000
        paramByteDataSize: 0000000002000000050000000800000001000000
    - name: State 1
      description: 
      colorIndex: 0
      position:
        serializedVersion: 2
        x: 278
        y: 216
        width: 100
        height: 16
      isBreakpoint: 0
      hideUnused: 0
      transitions: []
      actionData:
        actionNames:
        - particleEmitterOnOff
        customNames:
        - 
        actionEnabled: 01
        actionIsOpen: 01
        actionStartIndex: 00000000
        actionHashCodes: 1cc678f6
        unityObjectParams: []
        fsmGameObjectParams: []
        fsmOwnerDefaultParams:
        - ownerOption: 0
          gameObject:
            useVariable: 0
            name: 
            tooltip: 
            showInInspector: 0
            networkSync: 0
            value: {fileID: 0}
        animationCurveParams: []
        functionCallParams: []
        fsmTemplateControlParams: []
        fsmEventTargetParams: []
        fsmPropertyParams: []
        layoutOptionParams: []
        fsmStringParams: []
        fsmObjectParams: []
        fsmVarParams: []
        byteData: 0000
        arrayParamSizes: 
        arrayParamTypes: []
        customTypeSizes: 
        customTypeNames: []
        paramDataType: 1400000011000000
        paramName:
        - gameObject
        - emitOnOff
        paramDataPos: 0000000000000000
        paramByteDataSize: 0000000002000000
    events:
    - name: FINISHED
      isSystemEvent: 1
      isGlobal: 0
    globalTransitions: []
    variables:
      floatVariables: []
      intVariables: []
      boolVariables: []
      stringVariables: []
      vector2Variables: []
      vector3Variables: []
      colorVariables: []
      rectVariables: []
      quaternionVariables: []
      gameObjectVariables: []
      objectVariables: []
      materialVariables: []
      textureVariables: []
    description: 
    docUrl: 
    showStateLabel: 1
    maxLoopCount: 0
    watermark: 
    ExposedEvents: []
    RestartOnEnable: 1
    EnableDebugFlow: 0
    StepFrame: 0
    activeStateName: 
  fsmTemplate: {fileID: 0}
--- !u!1001 &100100000
Prefab:
  m_ObjectHideFlags: 1
  serializedVersion: 2
  m_Modification:
    m_TransformParent: {fileID: 0}
    m_Modifications: []
    m_RemovedComponents: []
  m_ParentPrefab: {fileID: 0}
  m_RootGameObject: {fileID: 100000}
  m_IsPrefabParent: 1
  m_IsExploded: 1
--- !u!1002 &100100001
EditorExtensionImpl:
  serializedVersion: 6
