%YAML 1.1
%TAG !u! tag:unity3d.com,2011:
--- !u!1 &100000
GameObject:
  m_ObjectHideFlags: 0
  m_PrefabParentObject: {fileID: 0}
  m_PrefabInternal: {fileID: 100100000}
  serializedVersion: 4
  m_Component:
  - 4: {fileID: 400000}
  - 114: {fileID: 11400000}
  m_Layer: 0
  m_Name: SimpleWaterSurface
  m_TagString: Untagged
  m_Icon: {fileID: 0}
  m_NavMeshLayer: 0
  m_StaticEditorFlags: 0
  m_IsActive: 1
--- !u!1 &100002
GameObject:
  m_ObjectHideFlags: 1
  m_PrefabParentObject: {fileID: 0}
  m_PrefabInternal: {fileID: 100100000}
  serializedVersion: 4
  m_Component:
  - 4: {fileID: 400002}
  - 119: {fileID: 11900000}
  m_Layer: 0
  m_Name: caustics_projector
  m_TagString: Untagged
  m_Icon: {fileID: 0}
  m_NavMeshLayer: 0
  m_StaticEditorFlags: 0
  m_IsActive: 1
--- !u!1 &100004
GameObject:
  m_ObjectHideFlags: 0
  m_PrefabParentObject: {fileID: 0}
  m_PrefabInternal: {fileID: 100100000}
  serializedVersion: 4
  m_Component:
  - 4: {fileID: 400004}
  - 33: {fileID: 3300000}
  - 23: {fileID: 2300000}
  - 114: {fileID: 11400010}
  - 114: {fileID: 11400008}
  - 114: {fileID: 11400006}
  - 114: {fileID: 11400004}
  - 114: {fileID: 11400002}
  m_Layer: 4
  m_Name: WATER_Surface
  m_TagString: Untagged
  m_Icon: {fileID: 0}
  m_NavMeshLayer: 0
  m_StaticEditorFlags: 0
  m_IsActive: 1
--- !u!4 &400000
Transform:
  m_ObjectHideFlags: 1
  m_PrefabParentObject: {fileID: 0}
  m_PrefabInternal: {fileID: 100100000}
  m_GameObject: {fileID: 100000}
  m_LocalRotation: {x: 0, y: 0, z: 0, w: 1}
  m_LocalPosition: {x: 0, y: 0, z: 0}
  m_LocalScale: {x: 1, y: 1, z: 1}
  m_Children:
  - {fileID: 400004}
  m_Father: {fileID: 0}
--- !u!4 &400002
Transform:
  m_ObjectHideFlags: 1
  m_PrefabParentObject: {fileID: 0}
  m_PrefabInternal: {fileID: 100100000}
  m_GameObject: {fileID: 100002}
  m_LocalRotation: {x: .707106829, y: 0, z: 0, w: .707106829}
  m_LocalPosition: {x: 0, y: 0, z: 0}
  m_LocalScale: {x: 50, y: 50, z: 50}
  m_Children: []
  m_Father: {fileID: 400004}
--- !u!4 &400004
Transform:
  m_ObjectHideFlags: 1
  m_PrefabParentObject: {fileID: 0}
  m_PrefabInternal: {fileID: 100100000}
  m_GameObject: {fileID: 100004}
  m_LocalRotation: {x: 0, y: 0, z: 0, w: 1}
  m_LocalPosition: {x: 111, y: -135, z: -305}
  m_LocalScale: {x: 400, y: 400, z: 400}
  m_Children:
  - {fileID: 400002}
  m_Father: {fileID: 400000}
--- !u!23 &2300000
Renderer:
  m_ObjectHideFlags: 1
  m_PrefabParentObject: {fileID: 0}
  m_PrefabInternal: {fileID: 100100000}
  m_GameObject: {fileID: 100004}
  m_Enabled: 1
  m_CastShadows: 0
  m_ReceiveShadows: 0
  m_LightmapIndex: 255
  m_LightmapTilingOffset: {x: 1, y: 1, z: 0, w: 0}
  m_Materials:
  - {fileID: 0}
  m_SubsetIndices: 
  m_StaticBatchRoot: {fileID: 0}
  m_UseLightProbes: 0
  m_LightProbeAnchor: {fileID: 0}
  m_ScaleInLightmap: 1
--- !u!33 &3300000
MeshFilter:
  m_ObjectHideFlags: 1
  m_PrefabParentObject: {fileID: 0}
  m_PrefabInternal: {fileID: 100100000}
  m_GameObject: {fileID: 100004}
  m_Mesh: {fileID: 4300000, guid: a896a51f6cc93ee41b532ed055788fe0, type: 3}
--- !u!114 &11400000
MonoBehaviour:
  m_ObjectHideFlags: 1
  m_PrefabParentObject: {fileID: 0}
  m_PrefabInternal: {fileID: 100100000}
  m_GameObject: {fileID: 100000}
  m_Enabled: 1
  m_EditorHideFlags: 0
  m_Script: {fileID: 11500000, guid: db57ccf6d3cf7c441a06ff7370c2a271, type: 3}
  m_Name: 
  ignoreTheseLayers:
    serializedVersion: 2
    m_Bits: 0
  causticTexture: {fileID: 2800000, guid: 19de15c3920ff2c4a92b797e36c65b14, type: 3}
  causticTextureUnder: {fileID: 2800000, guid: 0ec851c6862328f40a90a582f326d864, type: 3}
  causticFPS: 32
  animationSpeed: 1
  baseSize: 25
  causticFrames:
  - {fileID: 2800000, guid: 023f95753cbff6a4b89eb86a6d08954c, type: 3}
  - {fileID: 2800000, guid: 4ae519e619d79b54c9a96ffa01168e9b, type: 3}
  - {fileID: 2800000, guid: 8958f25ac3d165243a88ba92c2c72499, type: 3}
  - {fileID: 2800000, guid: cccf798a31123ca4789f1a8fb246930c, type: 3}
  - {fileID: 2800000, guid: 9734554bfff85954e8ecd2794c2b93fe, type: 3}
  - {fileID: 2800000, guid: 2b20a83f81b717f4db5488500b780b4b, type: 3}
  - {fileID: 2800000, guid: 2f9af1242714f4642936024d3c4ff9e6, type: 3}
  - {fileID: 2800000, guid: dc67d1bebb8fa5048a82f29a862ddda1, type: 3}
  - {fileID: 2800000, guid: 71d37400bed0eab4780b135a12956161, type: 3}
  - {fileID: 2800000, guid: 33fcc759cc7f4154683e5b4f8952bd90, type: 3}
  - {fileID: 2800000, guid: 1ce491e46aa260940a4cc466f82b2029, type: 3}
  - {fileID: 2800000, guid: 199661c43d77c31418d8f29952cb94d6, type: 3}
  - {fileID: 2800000, guid: 1401acb27f5b59547b7c965dfbdb5d97, type: 3}
  - {fileID: 2800000, guid: 61718cf127528454faeac2dc1454acca, type: 3}
  - {fileID: 2800000, guid: 40902bbb46ce2c84cb370b26514f2454, type: 3}
  - {fileID: 2800000, guid: 763f16571fe049444ac7731f72615b65, type: 3}
  - {fileID: 2800000, guid: 8762acc2d3335914aa114f85dccb7f4e, type: 3}
  - {fileID: 2800000, guid: 42db09e0e47525242b3be3cef3698021, type: 3}
  - {fileID: 2800000, guid: ce78950c0e940ef4f8329de6f362129a, type: 3}
  - {fileID: 2800000, guid: 55125605b0c910d4bad67afb70868573, type: 3}
  - {fileID: 2800000, guid: bffdfa44d0c2243418cd250b847f2ba0, type: 3}
  - {fileID: 2800000, guid: bfd9298aa3d2c594caacf1318e8b0507, type: 3}
  - {fileID: 2800000, guid: 3f9f69423643ff142b8d90a521b2c1c5, type: 3}
  - {fileID: 2800000, guid: 14b148d6bea248148b3baaec684f0a4f, type: 3}
  - {fileID: 2800000, guid: 5618020b3f1c6c44481c6fc0316b9c03, type: 3}
  - {fileID: 2800000, guid: 3198bcba4d7c214409defa0fd63e8c27, type: 3}
  - {fileID: 2800000, guid: bbaa6688d0960c649b83c28a8dba32c5, type: 3}
  - {fileID: 2800000, guid: ffdc3b0e5a157884288b8fd4dc9c8562, type: 3}
  - {fileID: 2800000, guid: 7ae038f2a9a4de4488734536368fa0ef, type: 3}
  - {fileID: 2800000, guid: 222184ec9a1b5004eb7ce731ccff5eca, type: 3}
  - {fileID: 2800000, guid: c3e7fd561c8d7c449b90c313e48981c9, type: 3}
  - {fileID: 2800000, guid: a797a99bd30bdf849916735945722a72, type: 3}
--- !u!114 &11400002
MonoBehaviour:
  m_ObjectHideFlags: 1
  m_PrefabParentObject: {fileID: 0}
  m_PrefabInternal: {fileID: 100100000}
  m_GameObject: {fileID: 100004}
  m_Enabled: 1
  m_EditorHideFlags: 0
  m_Script: {fileID: 11500000, guid: d68aae8fe643c3a4b941f08c51322c81, type: 3}
  m_Name: 
  splashIsOn: 1
  UpdateSpeed: .5
  rippleSensitivity: 0
  splashSensitivity: 0
--- !u!114 &11400004
MonoBehaviour:
  m_ObjectHideFlags: 1
  m_PrefabParentObject: {fileID: 0}
  m_PrefabInternal: {fileID: 100100000}
  m_GameObject: {fileID: 100004}
  m_Enabled: 1
  m_EditorHideFlags: 0
  m_Script: {fileID: 11500000, guid: 8a64c10ed9ac9bf4588a9738b1be6ae4, type: 3}
  m_Name: 
  m_DisablePixelLights: 0
  m_TextureSize: 512
  m_ClipPlaneOffset: .0700000003
  m_ReflectLayers:
    serializedVersion: 2
    m_Bits: 4294967295
--- !u!114 &11400006
MonoBehaviour:
  m_ObjectHideFlags: 1
  m_PrefabParentObject: {fileID: 0}
  m_PrefabInternal: {fileID: 100100000}
  m_GameObject: {fileID: 100004}
  m_Enabled: 1
  m_EditorHideFlags: 0
  m_Script: {fileID: 11500000, guid: 767cc4cf54dfd544da8f09f947eca4f9, type: 3}
  m_Name: 
  flow_speed: {x: .00150000001, y: .00150000001}
  wave_speed: {x: .00150000001, y: .00150000001}
  foam_speed: {x: -.0199999996, y: -.0199999996}
  waterForce: {x: -.25, y: -.25}
--- !u!114 &11400008
MonoBehaviour:
  m_ObjectHideFlags: 1
  m_PrefabParentObject: {fileID: 0}
  m_PrefabInternal: {fileID: 100100000}
  m_GameObject: {fileID: 100004}
  m_Enabled: 1
  m_EditorHideFlags: 0
  m_Script: {fileID: 11500000, guid: e9db9c01b2e84b04da382a22e3c3fb15, type: 3}
  m_Name: 
  waterSystemState: 0
  publishPreset: 0
  transitionPreset: 0
  transitionLength: 1
  transitionTime: 0
  waterTargetState: 0
--- !u!114 &11400010
MonoBehaviour:
  m_ObjectHideFlags: 1
  m_PrefabParentObject: {fileID: 0}
  m_PrefabInternal: {fileID: 100100000}
  m_GameObject: {fileID: 100004}
  m_Enabled: 1
  m_EditorHideFlags: 0
  m_Script: {fileID: 11500000, guid: 811634dd5bc01914faa235f7b0575e0a, type: 3}
  m_Name: 
  animSlot: 1
  animFPS: 32
  animFrames:
  - {fileID: 2800000, guid: 9e19b5541e6bb98468518ea52e80ce5a, type: 3}
  - {fileID: 2800000, guid: 125d63ddd7700c445a54896d4afc7853, type: 3}
  - {fileID: 2800000, guid: 8e2e477e3d187c34b8d09fae86f91bd1, type: 3}
  - {fileID: 2800000, guid: ed836c9c93513644992efaab1d16a099, type: 3}
  - {fileID: 2800000, guid: e8387698f2775054f8dffe50ea4520b7, type: 3}
  - {fileID: 2800000, guid: 5055b1e8c592041458e340b8f78a54b5, type: 3}
  - {fileID: 2800000, guid: 1ff8cdb8ee99ec843ba6511c42e26519, type: 3}
  - {fileID: 2800000, guid: fd63dd623b78b724caa4fae3d7ba653b, type: 3}
  - {fileID: 2800000, guid: 7bb84eea8ed72e2408c351b100dc7ab3, type: 3}
  - {fileID: 2800000, guid: bf3224704a54c5f489a996cc2570a1a4, type: 3}
  - {fileID: 2800000, guid: b2a872661e4d34b46831e896ae42ec5d, type: 3}
  - {fileID: 2800000, guid: fec8e2cff10e1f2459308ae4a96de9d3, type: 3}
  - {fileID: 2800000, guid: 471f318aef3d26a47ab522c68abef993, type: 3}
  - {fileID: 2800000, guid: 1e57f2822bc14cd47ac9e76998d725ec, type: 3}
  - {fileID: 2800000, guid: b86a76f380e98dd49ae7ac171a58124a, type: 3}
  - {fileID: 2800000, guid: a5508b2851621cd439b54e3bcc498448, type: 3}
  - {fileID: 2800000, guid: f75997daead99e64281b9c5259362262, type: 3}
  - {fileID: 2800000, guid: d2550823bbb44b94bb23e2b87ff06eb6, type: 3}
  - {fileID: 2800000, guid: 515da3e047ee87c4b8b38af990cfe387, type: 3}
  - {fileID: 2800000, guid: 33d65855e4b967b41beb80226a1f0975, type: 3}
  - {fileID: 2800000, guid: 4dfda25546415264e824d180cff3e9cb, type: 3}
  - {fileID: 2800000, guid: a21c468328dfa894b875873417bbc7a8, type: 3}
  - {fileID: 2800000, guid: 6963c01340a8e8f4caa5b7db04fb3cd4, type: 3}
  - {fileID: 2800000, guid: 561a3e10af6ff2148a2609371e7906f8, type: 3}
  - {fileID: 2800000, guid: 110aed453810b1848a55f4eeda06044b, type: 3}
  - {fileID: 2800000, guid: 8db4861ac2caacb498fecc3e8ea23db9, type: 3}
  - {fileID: 2800000, guid: a94d757e6b8817948af8f7011835d031, type: 3}
  - {fileID: 2800000, guid: 48ef61e12cc402b439df3ca4696b3432, type: 3}
  - {fileID: 2800000, guid: 29d867a3449dcf84496eb1b189609932, type: 3}
  - {fileID: 2800000, guid: 8b07774e20066cb44b3e8a91cc040a4c, type: 3}
  - {fileID: 2800000, guid: 88be71c9d9697484c863be4a5413358a, type: 3}
  - {fileID: 2800000, guid: 161fe72fa6048994abb0129bccf9b45c, type: 3}
--- !u!119 &11900000
Projector:
  m_ObjectHideFlags: 1
  m_PrefabParentObject: {fileID: 0}
  m_PrefabInternal: {fileID: 100100000}
  m_GameObject: {fileID: 100002}
  m_Enabled: 1
  serializedVersion: 2
  m_NearClipPlane: -1.82000005
  m_FarClipPlane: 7.11999989
  m_FieldOfView: 46.6699982
  m_AspectRatio: 1
  m_Orthographic: 1
  m_OrthographicSize: 430
  m_Material: {fileID: 2100000, guid: 3289771c0250e6a4fb1f56f0f683b704, type: 2}
  m_IgnoreLayers:
    serializedVersion: 2
    m_Bits: 16
--- !u!1001 &100100000
Prefab:
  m_ObjectHideFlags: 1
  serializedVersion: 2
  m_Modification:
    m_TransformParent: {fileID: 0}
    m_Modifications: []
    m_RemovedComponents: []
  m_ParentPrefab: {fileID: 0}
  m_RootGameObject: {fileID: 100000}
  m_IsPrefabParent: 1
  m_IsExploded: 1
