%YAML 1.1
%TAG !u! tag:unity3d.com,2011:
--- !u!1 &100002
GameObject:
  m_ObjectHideFlags: 0
  m_PrefabParentObject: {fileID: 0}
  m_PrefabInternal: {fileID: 100100000}
  serializedVersion: 4
  m_Component:
  - 4: {fileID: 400002}
  - 114: {fileID: 11400002}
  - 114: {fileID: 11400000}
  - 114: {fileID: 11400022}
  m_Layer: 0
  m_Name: StageUI-GetPlus
  m_TagString: Untagged
  m_Icon: {fileID: 0}
  m_NavMeshLayer: 0
  m_StaticEditorFlags: 0
  m_IsActive: 1
--- !u!1 &100004
GameObject:
  m_ObjectHideFlags: 1
  m_PrefabParentObject: {fileID: 0}
  m_PrefabInternal: {fileID: 100100000}
  serializedVersion: 4
  m_Component:
  - 4: {fileID: 400004}
  - 114: {fileID: 11400004}
  m_Layer: 0
  m_Name: SlicedSprite ()
  m_TagString: Untagged
  m_Icon: {fileID: 0}
  m_NavMeshLayer: 0
  m_StaticEditorFlags: 0
  m_IsActive: 1
--- !u!1 &100006
GameObject:
  m_ObjectHideFlags: 0
  m_PrefabParentObject: {fileID: 0}
  m_PrefabInternal: {fileID: 100100000}
  serializedVersion: 4
  m_Component:
  - 4: {fileID: 400006}
  - 114: {fileID: 11400008}
  m_Layer: 0
  m_Name: Templete-RequestGetPlus
  m_TagString: Untagged
  m_Icon: {fileID: 0}
  m_NavMeshLayer: 0
  m_StaticEditorFlags: 0
  m_IsActive: 0
--- !u!1 &100008
GameObject:
  m_ObjectHideFlags: 1
  m_PrefabParentObject: {fileID: 0}
  m_PrefabInternal: {fileID: 100100000}
  serializedVersion: 4
  m_Component:
  - 4: {fileID: 400008}
  - 114: {fileID: 11400010}
  - 114: {fileID: 11400012}
  m_Layer: 0
  m_Name: ShowGet
  m_TagString: Untagged
  m_Icon: {fileID: 0}
  m_NavMeshLayer: 0
  m_StaticEditorFlags: 0
  m_IsActive: 1
--- !u!1 &100010
GameObject:
  m_ObjectHideFlags: 0
  m_PrefabParentObject: {fileID: 0}
  m_PrefabInternal: {fileID: 100100000}
  serializedVersion: 4
  m_Component:
  - 4: {fileID: 400010}
  - 114: {fileID: 11400014}
  - 114: {fileID: 11400020}
  m_Layer: 0
  m_Name: TempWeaponTime
  m_TagString: Untagged
  m_Icon: {fileID: 0}
  m_NavMeshLayer: 0
  m_StaticEditorFlags: 0
  m_IsActive: 1
--- !u!1 &100012
GameObject:
  m_ObjectHideFlags: 1
  m_PrefabParentObject: {fileID: 0}
  m_PrefabInternal: {fileID: 100100000}
  serializedVersion: 4
  m_Component:
  - 4: {fileID: 400012}
  - 114: {fileID: 11400016}
  - 114: {fileID: 11400018}
  m_Layer: 0
  m_Name: SlicedSprite ()
  m_TagString: Untagged
  m_Icon: {fileID: 0}
  m_NavMeshLayer: 0
  m_StaticEditorFlags: 0
  m_IsActive: 1
--- !u!1 &100014
GameObject:
  m_ObjectHideFlags: 0
  m_PrefabParentObject: {fileID: 0}
  m_PrefabInternal: {fileID: 100100000}
  serializedVersion: 4
  m_Component:
  - 4: {fileID: 400014}
  - 114: {fileID: 11400006}
  m_Layer: 0
  m_Name: Templete-ShowGotPlus
  m_TagString: Untagged
  m_Icon: {fileID: 0}
  m_NavMeshLayer: 0
  m_StaticEditorFlags: 0
  m_IsActive: 0
--- !u!4 &400002
Transform:
  m_ObjectHideFlags: 1
  m_PrefabParentObject: {fileID: 0}
  m_PrefabInternal: {fileID: 100100000}
  m_GameObject: {fileID: 100002}
  m_LocalRotation: {x: 0, y: 0, z: 0, w: 1}
  m_LocalPosition: {x: 128, y: 0, z: 11.9063568}
  m_LocalScale: {x: 1, y: 1, z: 1}
  m_Children:
  - {fileID: 400014}
  - {fileID: 400006}
  - {fileID: 400010}
  m_Father: {fileID: 0}
--- !u!4 &400004
Transform:
  m_ObjectHideFlags: 1
  m_PrefabParentObject: {fileID: 0}
  m_PrefabInternal: {fileID: 100100000}
  m_GameObject: {fileID: 100004}
  m_LocalRotation: {x: .707106829, y: 0, z: 0, w: .707106709}
  m_LocalPosition: {x: 0, y: 0, z: 0}
  m_LocalScale: {x: 20, y: 20, z: 1}
  m_Children: []
  m_Father: {fileID: 400006}
--- !u!4 &400006
Transform:
  m_ObjectHideFlags: 1
  m_PrefabParentObject: {fileID: 0}
  m_PrefabInternal: {fileID: 100100000}
  m_GameObject: {fileID: 100006}
  m_LocalRotation: {x: 0, y: 0, z: 0, w: 1}
  m_LocalPosition: {x: 28.0523529, y: 0, z: 30.5512543}
  m_LocalScale: {x: 1, y: 1, z: 1}
  m_Children:
  - {fileID: 400004}
  m_Father: {fileID: 400002}
--- !u!4 &400008
Transform:
  m_ObjectHideFlags: 1
  m_PrefabParentObject: {fileID: 0}
  m_PrefabInternal: {fileID: 100100000}
  m_GameObject: {fileID: 100008}
  m_LocalRotation: {x: .707106829, y: 0, z: 0, w: .707106709}
  m_LocalPosition: {x: 26, y: .645059109, z: -3.97215939}
  m_LocalScale: {x: 10, y: 10, z: 1}
  m_Children: []
  m_Father: {fileID: 400014}
--- !u!4 &400010
Transform:
  m_ObjectHideFlags: 1
  m_PrefabParentObject: {fileID: 0}
  m_PrefabInternal: {fileID: 100100000}
  m_GameObject: {fileID: 100010}
  m_LocalRotation: {x: .707106829, y: 0, z: 0, w: .707106829}
  m_LocalPosition: {x: -.239303589, y: -0, z: 19.6630478}
  m_LocalScale: {x: 10, y: 10, z: 1}
  m_Children: []
  m_Father: {fileID: 400002}
--- !u!4 &400012
Transform:
  m_ObjectHideFlags: 1
  m_PrefabParentObject: {fileID: 0}
  m_PrefabInternal: {fileID: 100100000}
  m_GameObject: {fileID: 100012}
  m_LocalRotation: {x: .707106829, y: 0, z: 0, w: .707106709}
  m_LocalPosition: {x: 13, y: 1.49011612e-06, z: -3.97215939}
  m_LocalScale: {x: 12, y: 12, z: 1}
  m_Children: []
  m_Father: {fileID: 400014}
--- !u!4 &400014
Transform:
  m_ObjectHideFlags: 1
  m_PrefabParentObject: {fileID: 0}
  m_PrefabInternal: {fileID: 100100000}
  m_GameObject: {fileID: 100014}
  m_LocalRotation: {x: 0, y: 0, z: 0, w: 1}
  m_LocalPosition: {x: -.0606307983, y: 0, z: 2.26321411}
  m_LocalScale: {x: 1, y: 1, z: 1}
  m_Children:
  - {fileID: 400012}
  - {fileID: 400008}
  m_Father: {fileID: 400002}
--- !u!114 &11400000
MonoBehaviour:
  m_ObjectHideFlags: 1
  m_PrefabParentObject: {fileID: 0}
  m_PrefabInternal: {fileID: 100100000}
  m_GameObject: {fileID: 100002}
  m_Enabled: 1
  m_EditorHideFlags: 0
  m_Script: {fileID: 1384774831, guid: e743331561ef77147ae48cda9bcb8209, type: 3}
  m_Name: 
  fsm:
    usedInTemplate: {fileID: 0}
    name: GetPlusOrDrop
    startState: Init
    states:
    - name: Init
      description: "\u6C92\u4E8B"
      colorIndex: 0
      position:
        serializedVersion: 2
        x: 74
        y: 115
        width: 100
        height: 32
      isBreakpoint: 0
      hideUnused: 0
      transitions:
      - fsmEvent:
          name: FINISHED
          isSystemEvent: 1
          isGlobal: 0
        toState: MonitorGetPlus
        linkStyle: 0
        linkConstraint: 0
        colorIndex: 0
      actionData:
        actionNames: []
        customNames: []
        actionEnabled: 
        actionIsOpen: 
        actionStartIndex: 
        actionHashCodes: 
        unityObjectParams: []
        fsmGameObjectParams: []
        fsmOwnerDefaultParams: []
        animationCurveParams: []
        functionCallParams: []
        fsmTemplateControlParams: []
        fsmEventTargetParams: []
        fsmPropertyParams: []
        layoutOptionParams: []
        fsmStringParams: []
        fsmObjectParams: []
        fsmVarParams: []
        byteData: 
        arrayParamSizes: 
        arrayParamTypes: []
        customTypeSizes: 
        customTypeNames: []
        paramDataType: 
        paramName: []
        paramDataPos: 
        paramByteDataSize: 
    - name: MonitorGetPlus
      description: "\u76E3\u807D\u6389\u843D\u6216\u662F\u53D6\u5F97\u734E\u52F5\u7684\u4E8B\u4EF6"
      colorIndex: 3
      position:
        serializedVersion: 2
        x: 60
        y: 179
        width: 146
        height: 48
      isBreakpoint: 0
      hideUnused: 0
      transitions:
      - fsmEvent:
          name: OnDrop
          isSystemEvent: 0
          isGlobal: 0
        toState: ShowDrop
        linkStyle: 0
        linkConstraint: 0
        colorIndex: 0
      - fsmEvent:
          name: OnGetPlus
          isSystemEvent: 0
          isGlobal: 0
        toState: ShowGetPlus
        linkStyle: 0
        linkConstraint: 0
        colorIndex: 0
      actionData:
        actionNames:
        - PlusMonitor
        customNames:
        - 
        actionEnabled: 01
        actionIsOpen: 01
        actionStartIndex: 00000000
        actionHashCodes: dd3458aa
        unityObjectParams: []
        fsmGameObjectParams: []
        fsmOwnerDefaultParams: []
        animationCurveParams: []
        functionCallParams: []
        fsmTemplateControlParams: []
        fsmEventTargetParams: []
        fsmPropertyParams: []
        layoutOptionParams: []
        fsmStringParams:
        - useVariable: 1
          name: PlusID
          tooltip: 
          showInInspector: 0
          networkSync: 0
          value: 
        fsmObjectParams: []
        fsmVarParams: []
        byteData: 4f6e44726f704f6e476574506c757300000000000000000000000001506c7573506f736974696f6e
        arrayParamSizes: 
        arrayParamTypes: []
        customTypeSizes: 
        customTypeNames: []
        paramDataType: 17000000170000001c00000012000000
        paramName:
        - EventDropCalled
        - EventGotPlus
        - StoreDropPosition
        - StorePlusID
        paramDataPos: 00000000060000000f00000000000000
        paramByteDataSize: 06000000090000001900000000000000
    - name: ShowDrop
      description: "\u79C0\u51FA\u6389\u843D\u7269\u6D41\u7A0B"
      colorIndex: 5
      position:
        serializedVersion: 2
        x: 247.15625
        y: 166.664062
        width: 100
        height: 32
      isBreakpoint: 0
      hideUnused: 0
      transitions:
      - fsmEvent:
          name: FINISHED
          isSystemEvent: 1
          isGlobal: 0
        toState: MonitorGetPlus
        linkStyle: 0
        linkConstraint: 0
        colorIndex: 0
      actionData:
        actionNames:
        - HutongGames.PlayMaker.Actions.CreateObject
        - HutongGames.PlayMaker.Actions.SetParent
        - HutongGames.PlayMaker.Actions.SetFsmString
        - HutongGames.PlayMaker.Actions.ActivateGameObject
        customNames:
        - 
        - 
        - 
        - 
        actionEnabled: 01010101
        actionIsOpen: 01000100
        actionStartIndex: 00000000070000000b00000010000000
        actionHashCodes: ac65eef183d22ec80c0142c9b4797e4a
        unityObjectParams: []
        fsmGameObjectParams:
        - useVariable: 0
          name: 
          tooltip: 
          showInInspector: 0
          networkSync: 0
          value: {fileID: 100006}
        - useVariable: 0
          name: 
          tooltip: 
          showInInspector: 0
          networkSync: 0
          value: {fileID: 0}
        - useVariable: 1
          name: newGetPlus
          tooltip: "\u65B0\u7522\u751F\u7684Drop\u677F\u5B50\u6216\u662FPlus\u677F\u5B50"
          showInInspector: 0
          networkSync: 0
          value: {fileID: 0}
        - useVariable: 0
          name: 
          tooltip: 
          showInInspector: 0
          networkSync: 0
          value: {fileID: 100002}
        fsmOwnerDefaultParams:
        - ownerOption: 1
          gameObject:
            useVariable: 1
            name: newGetPlus
            tooltip: "\u65B0\u7522\u751F\u7684Drop\u677F\u5B50\u6216\u662FPlus\u677F\u5B50"
            showInInspector: 0
            networkSync: 0
            value: {fileID: 0}
        - ownerOption: 1
          gameObject:
            useVariable: 1
            name: newGetPlus
            tooltip: "\u65B0\u7522\u751F\u7684Drop\u677F\u5B50\u6216\u662FPlus\u677F\u5B50"
            showInInspector: 0
            networkSync: 0
            value: {fileID: 0}
        - ownerOption: 1
          gameObject:
            useVariable: 1
            name: newGetPlus
            tooltip: "\u65B0\u7522\u751F\u7684Drop\u677F\u5B50\u6216\u662FPlus\u677F\u5B50"
            showInInspector: 0
            networkSync: 0
            value: {fileID: 0}
        animationCurveParams: []
        functionCallParams: []
        fsmTemplateControlParams: []
        fsmEventTargetParams: []
        fsmPropertyParams: []
        layoutOptionParams: []
        fsmStringParams:
        - useVariable: 1
          name: 
          tooltip: 
          showInInspector: 0
          networkSync: 0
          value: 
        - useVariable: 0
          name: 
          tooltip: 
          showInInspector: 0
          networkSync: 0
          value: PlusID
        - useVariable: 1
          name: PlusID
          tooltip: 
          showInInspector: 0
          networkSync: 0
          value: 
        fsmObjectParams: []
        fsmVarParams: []
        byteData: 00000000000000000000000001506c7573506f736974696f6e00000000000000000000000001000000000000000000000000010000000000
        arrayParamSizes: 
        arrayParamTypes: []
        customTypeSizes: 
        customTypeNames: []
        paramDataType: 13000000130000001c0000001c0000001300000011000000100000001400000013000000110000001100000014000000120000001200000012000000010000001400000011000000110000000100000001000000
        paramName:
        - gameObject
        - spawnPoint
        - position
        - rotation
        - storeObject
        - networkInstantiate
        - networkGroup
        - gameObject
        - parent
        - resetLocalPosition
        - resetLocalRotation
        - gameObject
        - fsmName
        - variableName
        - setValue
        - everyFrame
        - gameObject
        - activate
        - recursive
        - resetOnExit
        - everyFrame
        paramDataPos: 0000000001000000000000001900000002000000260000002800000000000000030000002d0000002f00000001000000000000000100000002000000310000000200000032000000340000003600000037000000
        paramByteDataSize: 0000000000000000190000000d0000000000000002000000050000000000000000000000020000000200000000000000000000000000000000000000010000000000000002000000020000000100000001000000
    - name: ShowGetPlus
      description: "\u79C0\u51FA\u5F97\u5230\u7684\u6771\u897F"
      colorIndex: 5
      position:
        serializedVersion: 2
        x: 246.554688
        y: 240.039062
        width: 102
        height: 32
      isBreakpoint: 0
      hideUnused: 0
      transitions:
      - fsmEvent:
          name: FINISHED
          isSystemEvent: 1
          isGlobal: 0
        toState: CheckPlusBoardCount
        linkStyle: 0
        linkConstraint: 0
        colorIndex: 0
      actionData:
        actionNames:
        - HutongGames.PlayMaker.Actions.CreateObject
        - HutongGames.PlayMaker.Actions.SetParent
        - HutongGames.PlayMaker.Actions.SetFsmString
        - HutongGames.PlayMaker.Actions.ActivateGameObject
        customNames:
        - 
        - 
        - 
        - 
        actionEnabled: 01010101
        actionIsOpen: 00000100
        actionStartIndex: 00000000070000000b00000010000000
        actionHashCodes: ac65eef183d22ec80c0142c9b4797e4a
        unityObjectParams: []
        fsmGameObjectParams:
        - useVariable: 0
          name: 
          tooltip: 
          showInInspector: 0
          networkSync: 0
          value: {fileID: 100014}
        - useVariable: 0
          name: 
          tooltip: 
          showInInspector: 0
          networkSync: 0
          value: {fileID: 100014}
        - useVariable: 1
          name: newGetPlus
          tooltip: "\u65B0\u7522\u751F\u7684Drop\u677F\u5B50\u6216\u662FPlus\u677F\u5B50"
          showInInspector: 0
          networkSync: 0
          value: {fileID: 0}
        - useVariable: 0
          name: 
          tooltip: 
          showInInspector: 0
          networkSync: 0
          value: {fileID: 100002}
        fsmOwnerDefaultParams:
        - ownerOption: 1
          gameObject:
            useVariable: 1
            name: newGetPlus
            tooltip: "\u65B0\u7522\u751F\u7684Drop\u677F\u5B50\u6216\u662FPlus\u677F\u5B50"
            showInInspector: 0
            networkSync: 0
            value: {fileID: 0}
        - ownerOption: 1
          gameObject:
            useVariable: 1
            name: newGetPlus
            tooltip: "\u65B0\u7522\u751F\u7684Drop\u677F\u5B50\u6216\u662FPlus\u677F\u5B50"
            showInInspector: 0
            networkSync: 0
            value: {fileID: 0}
        - ownerOption: 1
          gameObject:
            useVariable: 1
            name: newGetPlus
            tooltip: "\u65B0\u7522\u751F\u7684Drop\u677F\u5B50\u6216\u662FPlus\u677F\u5B50"
            showInInspector: 0
            networkSync: 0
            value: {fileID: 0}
        animationCurveParams: []
        functionCallParams: []
        fsmTemplateControlParams: []
        fsmEventTargetParams: []
        fsmPropertyParams: []
        layoutOptionParams: []
        fsmStringParams:
        - useVariable: 0
          name: 
          tooltip: 
          showInInspector: 0
          networkSync: 0
          value: 
        - useVariable: 0
          name: 
          tooltip: 
          showInInspector: 0
          networkSync: 0
          value: PlusID
        - useVariable: 1
          name: PlusID
          tooltip: 
          showInInspector: 0
          networkSync: 0
          value: 
        fsmObjectParams: []
        fsmVarParams: []
        byteData: 0000000000000000000000000100000000000000000000000001000000000000000000000000010000000000
        arrayParamSizes: 
        arrayParamTypes: []
        customTypeSizes: 
        customTypeNames: []
        paramDataType: 13000000130000001c0000001c0000001300000011000000100000001400000013000000110000001100000014000000120000001200000012000000010000001400000011000000110000000100000001000000
        paramName:
        - gameObject
        - spawnPoint
        - position
        - rotation
        - storeObject
        - networkInstantiate
        - networkGroup
        - gameObject
        - parent
        - resetLocalPosition
        - resetLocalRotation
        - gameObject
        - fsmName
        - variableName
        - setValue
        - everyFrame
        - gameObject
        - activate
        - recursive
        - resetOnExit
        - everyFrame
        paramDataPos: 0000000001000000000000000d000000020000001a0000001c0000000000000003000000210000002300000001000000000000000100000002000000250000000200000026000000280000002a0000002b000000
        paramByteDataSize: 00000000000000000d0000000d0000000000000002000000050000000000000000000000020000000200000000000000000000000000000000000000010000000000000002000000020000000100000001000000
    - name: MoveOldPlusBoad
      description: "\u79FB\u52D5\u6240\u6709\u820A\u7684\u986F\u793A\u6846"
      colorIndex: 7
      position:
        serializedVersion: 2
        x: 447.84375
        y: 201.195312
        width: 132
        height: 48
      isBreakpoint: 0
      hideUnused: 0
      transitions:
      - fsmEvent:
          name: OnLoop
          isSystemEvent: 0
          isGlobal: 0
        toState: MoveOld
        linkStyle: 0
        linkConstraint: 0
        colorIndex: 0
      - fsmEvent:
          name: OnLoopFinish
          isSystemEvent: 0
          isGlobal: 0
        toState: AddNewBoard
        linkStyle: 0
        linkConstraint: 1
        colorIndex: 0
      actionData:
        actionNames:
        - HutongGames.PlayMaker.Actions.ArrayListGetNext
        customNames:
        - 
        actionEnabled: 01
        actionIsOpen: 01
        actionStartIndex: 00000000
        actionHashCodes: deaee372
        unityObjectParams: []
        fsmGameObjectParams: []
        fsmOwnerDefaultParams:
        - ownerOption: 0
          gameObject:
            useVariable: 0
            name: 
            tooltip: 
            showInInspector: 0
            networkSync: 0
            value: {fileID: 100002}
        animationCurveParams: []
        functionCallParams: []
        fsmTemplateControlParams: []
        fsmEventTargetParams: []
        fsmPropertyParams: []
        layoutOptionParams: []
        fsmStringParams:
        - useVariable: 0
          name: 
          tooltip: 
          showInInspector: 0
          networkSync: 0
          value: 
        fsmObjectParams: []
        fsmVarParams:
        - variableName: LoopOldPlusBoard
          useVariable: 1
          type: 3
          floatValue: 0
          intValue: 0
          boolValue: 0
          stringValue: 
          vector4Value: {x: 0, y: 0, z: 0, w: 0}
          objectReference: {fileID: 0}
        byteData: 000000000000000000004f6e4c6f6f704f6e4c6f6f7046696e697368
        arrayParamSizes: 
        arrayParamTypes: []
        customTypeSizes: 
        customTypeNames: []
        paramDataType: 1400000012000000100000001000000017000000170000001700000027000000
        paramName:
        - gameObject
        - reference
        - startIndex
        - endIndex
        - loopEvent
        - finishedEvent
        - failureEvent
        - result
        paramDataPos: 000000000000000000000000050000000a000000100000001c00000000000000
        paramByteDataSize: 00000000000000000500000005000000060000000c0000000000000000000000
    - name: MoveOld
      description: 
      colorIndex: 7
      position:
        serializedVersion: 2
        x: 627.953125
        y: 202.625
        width: 100
        height: 32
      isBreakpoint: 0
      hideUnused: 0
      transitions:
      - fsmEvent:
          name: FINISHED
          isSystemEvent: 1
          isGlobal: 0
        toState: MoveOldPlusBoad
        linkStyle: 0
        linkConstraint: 0
        colorIndex: 0
      actionData:
        actionNames:
        - HutongGames.PlayMaker.Actions.Translate
        customNames:
        - 
        actionEnabled: 01
        actionIsOpen: 01
        actionStartIndex: 00000000
        actionHashCodes: 1d4debbb
        unityObjectParams: []
        fsmGameObjectParams: []
        fsmOwnerDefaultParams:
        - ownerOption: 1
          gameObject:
            useVariable: 1
            name: LoopOldPlusBoard
            tooltip: 
            showInInspector: 0
            networkSync: 0
            value: {fileID: 0}
        animationCurveParams: []
        functionCallParams: []
        fsmTemplateControlParams: []
        fsmEventTargetParams: []
        fsmPropertyParams: []
        layoutOptionParams: []
        fsmStringParams: []
        fsmObjectParams: []
        fsmVarParams: []
        byteData: 000000000000000000000000010000000001000000000100004041000000000000000000
        arrayParamSizes: 
        arrayParamTypes: []
        customTypeSizes: 
        customTypeNames: []
        paramDataType: 140000001c0000000f0000000f0000000f0000000700000001000000010000000100000001000000
        paramName:
        - gameObject
        - vector
        - x
        - y
        - z
        - space
        - perSecond
        - everyFrame
        - lateUpdate
        - fixedUpdate
        paramDataPos: 00000000000000000d00000012000000170000001c00000020000000210000002200000023000000
        paramByteDataSize: 000000000d0000000500000005000000050000000400000001000000010000000100000001000000
    - name: AddNewBoard
      description: "\u628A\u6700\u65B0\u7522\u751F\u7684\u677F\u5B50\u52A0\u9032\u5230\u9663\u5217"
      colorIndex: 2
      position:
        serializedVersion: 2
        x: 129.96875
        y: 349.398438
        width: 141.5
        height: 32
      isBreakpoint: 0
      hideUnused: 0
      transitions:
      - fsmEvent:
          name: FINISHED
          isSystemEvent: 1
          isGlobal: 0
        toState: MonitorGetPlus
        linkStyle: 0
        linkConstraint: 0
        colorIndex: 0
      actionData:
        actionNames:
        - HutongGames.PlayMaker.Actions.ArrayListAdd
        customNames:
        - 
        actionEnabled: 01
        actionIsOpen: 01
        actionStartIndex: 00000000
        actionHashCodes: 29fb6e97
        unityObjectParams: []
        fsmGameObjectParams: []
        fsmOwnerDefaultParams:
        - ownerOption: 1
          gameObject:
            useVariable: 0
            name: 
            tooltip: 
            showInInspector: 0
            networkSync: 0
            value: {fileID: 100002}
        animationCurveParams: []
        functionCallParams: []
        fsmTemplateControlParams: []
        fsmEventTargetParams: []
        fsmPropertyParams: []
        layoutOptionParams: []
        fsmStringParams:
        - useVariable: 0
          name: 
          tooltip: 
          showInInspector: 0
          networkSync: 0
          value: 
        fsmObjectParams:
        - useVariable: 0
          name: 
          tooltip: 
          showInInspector: 0
          networkSync: 0
          typeName: PlayMakerArrayListProxy
          value: {fileID: 11400022}
        fsmVarParams:
        - variableName: newGetPlus
          useVariable: 1
          type: 3
          floatValue: 0
          intValue: 0
          boolValue: 0
          stringValue: 
          vector4Value: {x: 0, y: 0, z: 0, w: 0}
          objectReference: {fileID: 0}
        byteData: 
        arrayParamSizes: 
        arrayParamTypes: []
        customTypeSizes: 
        customTypeNames: []
        paramDataType: 18000000140000001200000027000000
        paramName:
        - arrayList
        - gameObject
        - reference
        - variable
        paramDataPos: 00000000000000000000000000000000
        paramByteDataSize: 00000000000000000000000000000000
    - name: CheckPlusBoardCount
      description: "\u6AA2\u67E5\u662F\u5426\u8D85\u904E4\u500B\u986F\u793A\u6846"
      colorIndex: 7
      position:
        serializedVersion: 2
        x: 443.6875
        y: 110.4375
        width: 158
        height: 48
      isBreakpoint: 0
      hideUnused: 0
      transitions:
      - fsmEvent:
          name: Need remove
          isSystemEvent: 0
          isGlobal: 0
        toState: RemoveOldPlusBoard
        linkStyle: 0
        linkConstraint: 0
        colorIndex: 0
      - fsmEvent:
          name: Don't need remove
          isSystemEvent: 0
          isGlobal: 0
        toState: MoveOldPlusBoad
        linkStyle: 0
        linkConstraint: 1
        colorIndex: 0
      actionData:
        actionNames:
        - HutongGames.PlayMaker.Actions.ArrayListCount
        - HutongGames.PlayMaker.Actions.IntCompare
        customNames:
        - 
        - 
        actionEnabled: 0101
        actionIsOpen: 0101
        actionStartIndex: 0000000003000000
        actionHashCodes: 5e26f29971d53d18
        unityObjectParams: []
        fsmGameObjectParams: []
        fsmOwnerDefaultParams:
        - ownerOption: 0
          gameObject:
            useVariable: 0
            name: 
            tooltip: 
            showInInspector: 0
            networkSync: 0
            value: {fileID: 0}
        animationCurveParams: []
        functionCallParams: []
        fsmTemplateControlParams: []
        fsmEventTargetParams: []
        fsmPropertyParams: []
        layoutOptionParams: []
        fsmStringParams:
        - useVariable: 0
          name: 
          tooltip: 
          showInInspector: 0
          networkSync: 0
          value: 
        fsmObjectParams: []
        fsmVarParams: []
        byteData: 0000000001506c7573426f617264436f756e740000000001506c7573426f617264436f756e740400000000446f6e2774206e6565642072656d6f7665446f6e2774206e6565642072656d6f76654e6565642072656d6f766500
        arrayParamSizes: 
        arrayParamTypes: []
        customTypeSizes: 
        customTypeNames: []
        paramDataType: 140000001200000010000000100000001000000017000000170000001700000001000000
        paramName:
        - gameObject
        - reference
        - count
        - integer1
        - integer2
        - equal
        - lessThan
        - greaterThan
        - everyFrame
        paramDataPos: 00000000000000000000000013000000260000002b0000003c0000004d00000058000000
        paramByteDataSize: 000000000000000013000000130000000500000011000000110000000b00000001000000
    - name: RemoveOldPlusBoard
      description: "\u8D85\u904E\u56DB\u500B-\u628A\u6700\u8001\u7684\u79FB\u9664"
      colorIndex: 7
      position:
        serializedVersion: 2
        x: 655.632812
        y: 110.96875
        width: 153
        height: 32
      isBreakpoint: 0
      hideUnused: 0
      transitions:
      - fsmEvent:
          name: FINISHED
          isSystemEvent: 1
          isGlobal: 0
        toState: CheckPlusBoardCount
        linkStyle: 0
        linkConstraint: 0
        colorIndex: 0
      actionData:
        actionNames:
        - HutongGames.PlayMaker.Actions.ArrayListGet
        - HutongGames.PlayMaker.Actions.SendEvent
        customNames:
        - 
        - 
        actionEnabled: 0101
        actionIsOpen: 0100
        actionStartIndex: 0000000005000000
        actionHashCodes: b794bc6deec9d968
        unityObjectParams: []
        fsmGameObjectParams: []
        fsmOwnerDefaultParams:
        - ownerOption: 0
          gameObject:
            useVariable: 0
            name: 
            tooltip: 
            showInInspector: 0
            networkSync: 0
            value: {fileID: 0}
        animationCurveParams: []
        functionCallParams: []
        fsmTemplateControlParams: []
        fsmEventTargetParams:
        - target: 1
          excludeSelf:
            useVariable: 0
            name: 
            tooltip: 
            showInInspector: 0
            networkSync: 0
            value: 0
          gameObject:
            ownerOption: 1
            gameObject:
              useVariable: 1
              name: LoopOldPlusBoard
              tooltip: 
              showInInspector: 0
              networkSync: 0
              value: {fileID: 0}
          fsmName:
            useVariable: 0
            name: 
            tooltip: 
            showInInspector: 0
            networkSync: 0
            value: 
          sendToChildren:
            useVariable: 0
            name: 
            tooltip: 
            showInInspector: 0
            networkSync: 0
            value: 0
          fsmComponent: {fileID: 0}
        fsmPropertyParams: []
        layoutOptionParams: []
        fsmStringParams:
        - useVariable: 0
          name: 
          tooltip: 
          showInInspector: 0
          networkSync: 0
          value: 
        fsmObjectParams: []
        fsmVarParams:
        - variableName: LoopOldPlusBoard
          useVariable: 1
          type: 3
          floatValue: 0
          intValue: 0
          boolValue: 0
          stringValue: 
          vector4Value: {x: 0, y: 0, z: 0, w: 0}
          objectReference: {fileID: 0}
        byteData: 00000000004e6565642072656d6f7665000000000000
        arrayParamSizes: 
        arrayParamTypes: []
        customTypeSizes: 
        customTypeNames: []
        paramDataType: 14000000120000001000000027000000170000001f000000170000000f00000001000000
        paramName:
        - gameObject
        - reference
        - atIndex
        - result
        - failureEvent
        - eventTarget
        - sendEvent
        - delay
        - everyFrame
        paramDataPos: 000000000000000000000000000000000500000000000000050000001000000015000000
        paramByteDataSize: 0000000000000000050000000000000000000000000000000b0000000500000001000000
    events:
    - name: FINISHED
      isSystemEvent: 1
      isGlobal: 0
    - name: Don't need remove
      isSystemEvent: 0
      isGlobal: 0
    - name: Need remove
      isSystemEvent: 0
      isGlobal: 0
    - name: OnDrop
      isSystemEvent: 0
      isGlobal: 0
    - name: OnGetPlus
      isSystemEvent: 0
      isGlobal: 0
    - name: OnLoop
      isSystemEvent: 0
      isGlobal: 0
    - name: OnLoopFinish
      isSystemEvent: 0
      isGlobal: 0
    globalTransitions: []
    variables:
      floatVariables: []
      intVariables:
      - useVariable: 1
        name: PlusBoardCount
        tooltip: 
        showInInspector: 0
        networkSync: 0
        value: 0
      boolVariables: []
      stringVariables:
      - useVariable: 1
        name: PlusID
        tooltip: 
        showInInspector: 0
        networkSync: 0
        value: 
      vector2Variables: []
      vector3Variables:
      - useVariable: 1
        name: PlusPosition
        tooltip: "\u6389\u5BF6\u6642 \u5BF6\u61C9\u8A72\u5728\u5730\u5716\u4E0A\u51FA\u73FE\u7684\u4F4D\u7F6E"
        showInInspector: 0
        networkSync: 0
        value: {x: 0, y: 0, z: 0}
      colorVariables: []
      rectVariables: []
      quaternionVariables: []
      gameObjectVariables:
      - useVariable: 1
        name: LoopOldPlusBoard
        tooltip: 
        showInInspector: 0
        networkSync: 0
        value: {fileID: 0}
      - useVariable: 1
        name: newGetPlus
        tooltip: "\u65B0\u7522\u751F\u7684Drop\u677F\u5B50\u6216\u662FPlus\u677F\u5B50"
        showInInspector: 0
        networkSync: 0
        value: {fileID: 0}
      objectVariables: []
      materialVariables: []
      textureVariables: []
    description: "\u6389\u5BF6\u7684\u8868\u73FE\u8655\u7406\n\u4EE5\u53CA\u5F97\u5230\u734E\u52F5\u7684\u8868\u73FE\u8655\u7406"
    docUrl: 
    showStateLabel: 1
    maxLoopCount: 0
    watermark: 
    ExposedEvents: []
    RestartOnEnable: 1
    EnableDebugFlow: 0
    StepFrame: 0
    activeStateName: 
  fsmTemplate: {fileID: 0}
--- !u!114 &11400002
MonoBehaviour:
  m_ObjectHideFlags: 1
  m_PrefabParentObject: {fileID: 0}
  m_PrefabInternal: {fileID: 100100000}
  m_GameObject: {fileID: 100002}
  m_Enabled: 1
  m_EditorHideFlags: 0
  m_Script: {fileID: 11500000, guid: ae942c9068183dc40a9d01f648273726, type: 3}
  m_Name: 
  showInPanelTool: 1
  generateNormals: 0
  depthPass: 0
  widgetsAreStatic: 0
  cullWhileDragging: 0
  worldToLocal:
    e00: 1
    e01: 0
    e02: 0
    e03: -128
    e10: 0
    e11: 1
    e12: 0
    e13: 0
    e20: 0
    e21: 0
    e22: 1
    e23: -11.9063568
    e30: 0
    e31: 0
    e32: 0
    e33: 1
  mAlpha: 1
  mDebugInfo: 1
  mClipping: 0
  mClipRange: {x: 0, y: 0, z: 0, w: 0}
  mClipSoftness: {x: 40, y: 40}
--- !u!114 &11400004
MonoBehaviour:
  m_ObjectHideFlags: 1
  m_PrefabParentObject: {fileID: 0}
  m_PrefabInternal: {fileID: 100100000}
  m_GameObject: {fileID: 100004}
  m_Enabled: 1
  m_EditorHideFlags: 0
  m_Script: {fileID: 11500000, guid: 9d33c6354b54fb847b16b36e1391868d, type: 3}
  m_Name: 
  mMat: {fileID: 2100000, guid: 2042c68d1880d49569855b1cd9118a1c, type: 2}
  mTex: {fileID: 2800000, guid: 23b5e965aba494170984c726e62aaf54, type: 3}
  mColor: {r: 1, g: 1, b: 1, a: 1}
  mPivot: 3
  mDepth: 4
  mAtlas: {fileID: 11400000, guid: 841a21467dff24b4794bb5bffcf8ab61, type: 2}
  mSpriteName: TexE_SubMissile
  mFillCenter: 1
  mType: 0
  mFillDirection: 4
  mFillAmount: 1
  mInvert: 0
--- !u!114 &11400006
MonoBehaviour:
  m_ObjectHideFlags: 1
  m_PrefabParentObject: {fileID: 0}
  m_PrefabInternal: {fileID: 100100000}
  m_GameObject: {fileID: 100014}
  m_Enabled: 1
  m_EditorHideFlags: 0
  m_Script: {fileID: 1384774831, guid: e743331561ef77147ae48cda9bcb8209, type: 3}
  m_Name: 
  fsm:
    usedInTemplate: {fileID: 0}
    name: ShowGotPlus
    startState: Set
    states:
    - name: Set
      description: 
      colorIndex: 0
      position:
        serializedVersion: 2
        x: 55
        y: 111
        width: 100
        height: 32
      isBreakpoint: 0
      hideUnused: 0
      transitions:
      - fsmEvent:
          name: FINISHED
          isSystemEvent: 1
          isGlobal: 0
        toState: WaitForDestroy
        linkStyle: 0
        linkConstraint: 0
        colorIndex: 0
      actionData:
        actionNames:
        - GetDataFromTable
        - Plus_GetDescribe
        - SetNGUIData
        - SetNGUIData
        customNames:
        - 
        - 
        - 
        - 
        actionEnabled: 01010101
        actionIsOpen: 01010101
        actionStartIndex: 0000000004000000060000000b000000
        actionHashCodes: c03eaba26073381345ebad4845ebad48
        unityObjectParams: []
        fsmGameObjectParams:
        - useVariable: 0
          name: 
          tooltip: 
          showInInspector: 0
          networkSync: 0
          value: {fileID: 100012}
        - useVariable: 0
          name: 
          tooltip: 
          showInInspector: 0
          networkSync: 0
          value: {fileID: 100008}
        fsmOwnerDefaultParams: []
        animationCurveParams: []
        functionCallParams: []
        fsmTemplateControlParams: []
        fsmEventTargetParams: []
        fsmPropertyParams: []
        layoutOptionParams: []
        fsmStringParams:
        - useVariable: 1
          name: TableName-Plus
          tooltip: 
          showInInspector: 0
          networkSync: 0
          value: Plus
        - useVariable: 1
          name: PlusID
          tooltip: 
          showInInspector: 0
          networkSync: 0
          value: 
        - useVariable: 0
          name: 
          tooltip: 
          showInInspector: 0
          networkSync: 0
          value: icon
        - useVariable: 1
          name: PlusIcon
          tooltip: 
          showInInspector: 0
          networkSync: 0
          value: 
        - useVariable: 1
          name: PlusID
          tooltip: 
          showInInspector: 0
          networkSync: 0
          value: 
        - useVariable: 1
          name: PlusDescribe
          tooltip: 
          showInInspector: 0
          networkSync: 0
          value: 
        - useVariable: 1
          name: PlusIcon
          tooltip: 
          showInInspector: 0
          networkSync: 0
          value: 
        - useVariable: 0
          name: 
          tooltip: 
          showInInspector: 0
          networkSync: 0
          value: 
        - useVariable: 1
          name: PlusDescribe
          tooltip: 
          showInInspector: 0
          networkSync: 0
          value: 
        - useVariable: 0
          name: 
          tooltip: 
          showInInspector: 0
          networkSync: 0
          value: 
        fsmObjectParams: []
        fsmVarParams: []
        byteData: 0000000000000000
        arrayParamSizes: 
        arrayParamTypes: []
        customTypeSizes: 
        customTypeNames: []
        paramDataType: 12000000120000001200000012000000120000001200000013000000120000001200000011000000110000001300000012000000120000001100000011000000
        paramName:
        - TableName
        - ID
        - Column
        - StoreData
        - PlusID
        - StoreDescribe
        - UIWidget
        - Data
        - ConcatString
        - GetStringFromUITable
        - everyFrame
        - UIWidget
        - Data
        - ConcatString
        - GetStringFromUITable
        - everyFrame
        paramDataPos: 00000000010000000200000003000000040000000500000000000000060000000700000000000000020000000100000008000000090000000400000006000000
        paramByteDataSize: 00000000000000000000000000000000000000000000000000000000000000000000000002000000020000000000000000000000000000000200000002000000
    - name: WaitForDestroy
      description: 
      colorIndex: 0
      position:
        serializedVersion: 2
        x: 54
        y: 179
        width: 116
        height: 32
      isBreakpoint: 0
      hideUnused: 0
      transitions:
      - fsmEvent:
          name: TimeUp
          isSystemEvent: 0
          isGlobal: 0
        toState: Destroy
        linkStyle: 0
        linkConstraint: 0
        colorIndex: 0
      actionData:
        actionNames:
        - HutongGames.PlayMaker.Actions.Wait
        customNames:
        - 
        actionEnabled: 01
        actionIsOpen: 01
        actionStartIndex: 00000000
        actionHashCodes: 3708ec1a
        unityObjectParams: []
        fsmGameObjectParams: []
        fsmOwnerDefaultParams: []
        animationCurveParams: []
        functionCallParams: []
        fsmTemplateControlParams: []
        fsmEventTargetParams: []
        fsmPropertyParams: []
        layoutOptionParams: []
        fsmStringParams: []
        fsmObjectParams: []
        fsmVarParams: []
        byteData: 0000a0400054696d65557000
        arrayParamSizes: 
        arrayParamTypes: []
        customTypeSizes: 
        customTypeNames: []
        paramDataType: 0f0000001700000001000000
        paramName:
        - time
        - finishEvent
        - realTime
        paramDataPos: 00000000050000000b000000
        paramByteDataSize: 050000000600000001000000
    - name: Destroy
      description: 
      colorIndex: 0
      position:
        serializedVersion: 2
        x: 233
        y: 195
        width: 101
        height: 16
      isBreakpoint: 0
      hideUnused: 0
      transitions: []
      actionData:
        actionNames:
        - HutongGames.PlayMaker.Actions.ArrayListRemove
        - HutongGames.PlayMaker.Actions.DestroySelf
        customNames:
        - 
        - 
        actionEnabled: 0101
        actionIsOpen: 0101
        actionStartIndex: 0000000004000000
        actionHashCodes: dc1cfefa3ee6a00a
        unityObjectParams: []
        fsmGameObjectParams: []
        fsmOwnerDefaultParams:
        - ownerOption: 1
          gameObject:
            useVariable: 0
            name: 
            tooltip: 
            showInInspector: 0
            networkSync: 0
            value: {fileID: 100002}
        animationCurveParams: []
        functionCallParams: []
        fsmTemplateControlParams: []
        fsmEventTargetParams: []
        fsmPropertyParams: []
        layoutOptionParams: []
        fsmStringParams:
        - useVariable: 0
          name: 
          tooltip: 
          showInInspector: 0
          networkSync: 0
          value: 
        fsmObjectParams: []
        fsmVarParams:
        - variableName: 
          useVariable: 0
          type: 3
          floatValue: 0
          intValue: 0
          boolValue: 0
          stringValue: 
          vector4Value: {x: 0, y: 0, z: 0, w: 0}
          objectReference: {fileID: 100014}
        byteData: 0000
        arrayParamSizes: 
        arrayParamTypes: []
        customTypeSizes: 
        customTypeNames: []
        paramDataType: 1400000012000000270000001700000011000000
        paramName:
        - gameObject
        - reference
        - variable
        - notFoundEvent
        - detachChildren
        paramDataPos: 0000000000000000000000000000000000000000
        paramByteDataSize: 0000000000000000000000000000000002000000
    events:
    - name: FINISHED
      isSystemEvent: 1
      isGlobal: 0
    - name: Need remove
      isSystemEvent: 0
      isGlobal: 0
    - name: TimeUp
      isSystemEvent: 0
      isGlobal: 0
    globalTransitions:
    - fsmEvent:
        name: Need remove
        isSystemEvent: 0
        isGlobal: 0
      toState: Destroy
      linkStyle: 0
      linkConstraint: 0
      colorIndex: 0
    variables:
      floatVariables: []
      intVariables: []
      boolVariables: []
      stringVariables:
      - useVariable: 1
        name: PlusDescribe
        tooltip: 
        showInInspector: 0
        networkSync: 0
        value: 
      - useVariable: 1
        name: PlusID
        tooltip: 
        showInInspector: 0
        networkSync: 0
        value: 
      - useVariable: 1
        name: PlusIcon
        tooltip: 
        showInInspector: 0
        networkSync: 0
        value: 
      vector2Variables: []
      vector3Variables: []
      colorVariables: []
      rectVariables: []
      quaternionVariables: []
      gameObjectVariables: []
      objectVariables: []
      materialVariables: []
      textureVariables: []
    description: "\u5DF2\u7D93\u5F97\u5230plus\u6642\u8981\u600E\u9EBC\u79C0"
    docUrl: 
    showStateLabel: 1
    maxLoopCount: 0
    watermark: 
    ExposedEvents: []
    RestartOnEnable: 1
    EnableDebugFlow: 0
    StepFrame: 0
    activeStateName: 
  fsmTemplate: {fileID: 0}
--- !u!114 &11400008
MonoBehaviour:
  m_ObjectHideFlags: 1
  m_PrefabParentObject: {fileID: 0}
  m_PrefabInternal: {fileID: 100100000}
  m_GameObject: {fileID: 100006}
  m_Enabled: 1
  m_EditorHideFlags: 0
  m_Script: {fileID: 1384774831, guid: e743331561ef77147ae48cda9bcb8209, type: 3}
  m_Name: 
  fsm:
    usedInTemplate: {fileID: 0}
    name: DoDrop
    startState: SetTransform
    states:
    - name: SetTransform
      description: "\u521D\u59CB\u8A2D\u5B9A"
      colorIndex: 0
      position:
        serializedVersion: 2
        x: 51
        y: 110
        width: 104
        height: 32
      isBreakpoint: 0
      hideUnused: 0
      transitions:
      - fsmEvent:
          name: FINISHED
          isSystemEvent: 1
          isGlobal: 0
        toState: DoMove
        linkStyle: 0
        linkConstraint: 0
        colorIndex: 0
      actionData:
        actionNames:
        - HutongGames.PlayMaker.Actions.SetScale
        - GetDataFromTable
        - SetNGUIData
        customNames:
        - 
        - 
        - 
        actionEnabled: 010101
        actionIsOpen: 010101
        actionStartIndex: 00000000070000000b000000
        actionHashCodes: 08863060c03eaba245ebad48
        unityObjectParams: []
        fsmGameObjectParams:
        - useVariable: 0
          name: 
          tooltip: 
          showInInspector: 0
          networkSync: 0
          value: {fileID: 100004}
        fsmOwnerDefaultParams:
        - ownerOption: 0
          gameObject:
            useVariable: 0
            name: 
            tooltip: 
            showInInspector: 0
            networkSync: 0
            value: {fileID: 0}
        animationCurveParams: []
        functionCallParams: []
        fsmTemplateControlParams: []
        fsmEventTargetParams: []
        fsmPropertyParams: []
        layoutOptionParams: []
        fsmStringParams:
        - useVariable: 1
          name: TableName-Plus
          tooltip: 
          showInInspector: 0
          networkSync: 0
          value: Plus
        - useVariable: 1
          name: PlusID
          tooltip: 
          showInInspector: 0
          networkSync: 0
          value: 
        - useVariable: 0
          name: 
          tooltip: 
          showInInspector: 0
          networkSync: 0
          value: icon
        - useVariable: 1
          name: IconName
          tooltip: 
          showInInspector: 0
          networkSync: 0
          value: 
        - useVariable: 1
          name: IconName
          tooltip: 
          showInInspector: 0
          networkSync: 0
          value: 
        - useVariable: 0
          name: 
          tooltip: 
          showInInspector: 0
          networkSync: 0
          value: 
        fsmObjectParams: []
        fsmVarParams: []
        byteData: 000000000000000000000000010000803f000000803f000000803f00000000000000
        arrayParamSizes: 
        arrayParamTypes: []
        customTypeSizes: 
        customTypeNames: []
        paramDataType: 140000001c0000000f0000000f0000000f0000000100000001000000120000001200000012000000120000001300000012000000120000001100000011000000
        paramName:
        - gameObject
        - vector
        - x
        - y
        - z
        - everyFrame
        - lateUpdate
        - TableName
        - ID
        - Column
        - StoreData
        - UIWidget
        - Data
        - ConcatString
        - GetStringFromUITable
        - everyFrame
        paramDataPos: 00000000000000000d00000012000000170000001c0000001d000000000000000100000002000000030000000000000004000000050000001e00000020000000
        paramByteDataSize: 000000000d0000000500000005000000050000000100000001000000000000000000000000000000000000000000000000000000000000000200000002000000
    - name: DoMove
      description: "\u79FB\u52D5\u4E26\u7E2E\u5C0F"
      colorIndex: 0
      position:
        serializedVersion: 2
        x: 190
        y: 145
        width: 109
        height: 32
      isBreakpoint: 0
      hideUnused: 0
      transitions:
      - fsmEvent:
          name: OnMoveFinish
          isSystemEvent: 0
          isGlobal: 0
        toState: GetPlus
        linkStyle: 0
        linkConstraint: 0
        colorIndex: 0
      actionData:
        actionNames:
        - HutongGames.PlayMaker.Actions.iTweenMoveTo
        - HutongGames.PlayMaker.Actions.iTweenScaleTo
        customNames:
        - 
        - 
        actionEnabled: 0101
        actionIsOpen: 0101
        actionStartIndex: 0000000019000000
        actionHashCodes: f0ad926e46319f5f
        unityObjectParams: []
        fsmGameObjectParams:
        - useVariable: 1
          name: 
          tooltip: 
          showInInspector: 0
          networkSync: 0
          value: {fileID: 0}
        - useVariable: 1
          name: 
          tooltip: 
          showInInspector: 0
          networkSync: 0
          value: {fileID: 0}
        - useVariable: 1
          name: 
          tooltip: 
          showInInspector: 0
          networkSync: 0
          value: {fileID: 0}
        fsmOwnerDefaultParams:
        - ownerOption: 0
          gameObject:
            useVariable: 0
            name: 
            tooltip: 
            showInInspector: 0
            networkSync: 0
            value: {fileID: 0}
        - ownerOption: 0
          gameObject:
            useVariable: 0
            name: 
            tooltip: 
            showInInspector: 0
            networkSync: 0
            value: {fileID: 0}
        animationCurveParams: []
        functionCallParams: []
        fsmTemplateControlParams: []
        fsmEventTargetParams: []
        fsmPropertyParams: []
        layoutOptionParams: []
        fsmStringParams:
        - useVariable: 1
          name: 
          tooltip: 
          showInInspector: 0
          networkSync: 0
          value: 
        - useVariable: 1
          name: 
          tooltip: 
          showInInspector: 0
          networkSync: 0
          value: 
        fsmObjectParams: []
        fsmVarParams: []
        byteData: 0000000000000000000000000153746167655f506c61796572506f736974696f6e0000003f000000003f0000000000010000000015000000000000000000000000000000000000000000010000000001000000000000000000000100004f6e4d6f766546696e69736800000000000000000000000000000000000000cdcc4c3e00cdcc4c3f0000000000011500000000000000000001000100
        arrayParamSizes: 0000000000000000
        arrayParamTypes:
        - HutongGames.PlayMaker.FsmGameObject
        - HutongGames.PlayMaker.FsmVector3
        customTypeSizes: 
        customTypeNames: []
        paramDataType: 1400000012000000130000001c0000000f0000000f0000000f00000007000000070000000700000011000000130000001c0000000f00000007000000110000000f0000000c0000000c0000001100000017000000170000001100000011000000110000001400000012000000130000001c0000000f0000000f0000000f00000007000000070000001700000017000000110000001100000011000000
        paramName:
        - gameObject
        - id
        - transformPosition
        - vectorPosition
        - time
        - delay
        - speed
        - space
        - easeType
        - loopType
        - orientToPath
        - lookAtObject
        - lookAtVector
        - lookTime
        - axis
        - moveToPath
        - lookAhead
        - transforms
        - vectors
        - reverse
        - startEvent
        - finishEvent
        - realTime
        - stopOnExit
        - loopDontFinish
        - gameObject
        - id
        - transformScale
        - vectorScale
        - time
        - delay
        - speed
        - easeType
        - loopType
        - startEvent
        - finishEvent
        - realTime
        - stopOnExit
        - loopDontFinish
        paramDataPos: 0000000000000000000000000000000021000000260000002b0000003000000034000000380000003c000000010000003e0000004b00000050000000540000005600000000000000010000005b0000005d0000005d000000690000006b0000006d0000000100000001000000020000006f0000007c00000081000000860000008b0000008f0000009300000093000000930000009500000097000000
        paramByteDataSize: 0000000000000000000000002100000005000000050000000500000004000000040000000400000002000000000000000d00000005000000040000000200000005000000000000000000000002000000000000000c0000000200000002000000020000000000000000000000000000000d00000005000000050000000500000004000000040000000000000000000000020000000200000002000000
    - name: Destroy
      description: "\u79FB\u9664"
      colorIndex: 0
      position:
        serializedVersion: 2
        x: 444
        y: 272
        width: 100
        height: 16
      isBreakpoint: 0
      hideUnused: 0
      transitions: []
      actionData:
        actionNames:
        - HutongGames.PlayMaker.Actions.DestroySelf
        customNames:
        - 
        actionEnabled: 01
        actionIsOpen: 01
        actionStartIndex: 00000000
        actionHashCodes: 3ee6a00a
        unityObjectParams: []
        fsmGameObjectParams: []
        fsmOwnerDefaultParams: []
        animationCurveParams: []
        functionCallParams: []
        fsmTemplateControlParams: []
        fsmEventTargetParams: []
        fsmPropertyParams: []
        layoutOptionParams: []
        fsmStringParams: []
        fsmObjectParams: []
        fsmVarParams: []
        byteData: 0000
        arrayParamSizes: 
        arrayParamTypes: []
        customTypeSizes: 
        customTypeNames: []
        paramDataType: 11000000
        paramName:
        - detachChildren
        paramDataPos: 00000000
        paramByteDataSize: 02000000
    - name: GetPlus
      description: "\u8981\u6C42\u53D6\u5F97\u734E\u52F5"
      colorIndex: 0
      position:
        serializedVersion: 2
        x: 316
        y: 211
        width: 100
        height: 32
      isBreakpoint: 0
      hideUnused: 0
      transitions:
      - fsmEvent:
          name: FINISHED
          isSystemEvent: 1
          isGlobal: 0
        toState: Destroy
        linkStyle: 0
        linkConstraint: 0
        colorIndex: 0
      actionData:
        actionNames:
        - Plus_GetPlus
        customNames:
        - 
        actionEnabled: 01
        actionIsOpen: 01
        actionStartIndex: 00000000
        actionHashCodes: 0ea5e43d
        unityObjectParams: []
        fsmGameObjectParams: []
        fsmOwnerDefaultParams: []
        animationCurveParams: []
        functionCallParams: []
        fsmTemplateControlParams: []
        fsmEventTargetParams: []
        fsmPropertyParams: []
        layoutOptionParams: []
        fsmStringParams:
        - useVariable: 1
          name: PlusID
          tooltip: 
          showInInspector: 0
          networkSync: 0
          value: 
        fsmObjectParams: []
        fsmVarParams: []
        byteData: 01
        arrayParamSizes: 
        arrayParamTypes: []
        customTypeSizes: 
        customTypeNames: []
        paramDataType: 1200000001000000
        paramName:
        - PlusID
        - CallEvent
        paramDataPos: 0000000000000000
        paramByteDataSize: 0000000001000000
    events:
    - name: FINISHED
      isSystemEvent: 1
      isGlobal: 0
    - name: OnMoveFinish
      isSystemEvent: 0
      isGlobal: 0
    globalTransitions: []
    variables:
      floatVariables: []
      intVariables: []
      boolVariables: []
      stringVariables:
      - useVariable: 1
        name: IconName
        tooltip: 
        showInInspector: 0
        networkSync: 0
        value: 
      - useVariable: 1
        name: PlusID
        tooltip: 
        showInInspector: 0
        networkSync: 0
        value: 
      vector2Variables: []
      vector3Variables: []
      colorVariables: []
      rectVariables: []
      quaternionVariables: []
      gameObjectVariables: []
      objectVariables: []
      materialVariables: []
      textureVariables: []
    description: "\u8981\u6C42\u5F97\u5230plus\u6642\u8981\u600E\u9EBC\u79C0"
    docUrl: 
    showStateLabel: 1
    maxLoopCount: 0
    watermark: 
    ExposedEvents: []
    RestartOnEnable: 1
    EnableDebugFlow: 0
    StepFrame: 0
    activeStateName: 
  fsmTemplate: {fileID: 0}
--- !u!114 &11400010
MonoBehaviour:
  m_ObjectHideFlags: 1
  m_PrefabParentObject: {fileID: 0}
  m_PrefabInternal: {fileID: 100100000}
  m_GameObject: {fileID: 100008}
  m_Enabled: 1
  m_EditorHideFlags: 0
  m_Script: {fileID: 11500000, guid: e9d0b5f3bbe925a408bd595c79d0bf63, type: 3}
  m_Name: 
  mMat: {fileID: 0}
  mTex: {fileID: 0}
  mColor: {r: .99253732, g: 1, b: .99592942, a: 1}
  mPivot: 3
  mDepth: 3
  mFont: {fileID: 11400000, guid: 60f7ad40293ce421688674842aa38a4b, type: 2}
  mText: +100
  mMaxLineWidth: 0
  mEncoding: 0
  mMaxLineCount: 1
  mPassword: 0
  mShowLastChar: 0
  mEffectStyle: 0
  mEffectColor: {r: 0, g: 0, b: 0, a: 1}
  mSymbols: 1
  mEffectDistance: {x: 1, y: 1}
  mShrinkToFit: 0
  mLineWidth: 0
  mMultiline: 1
--- !u!114 &11400012
MonoBehaviour:
  m_ObjectHideFlags: 1
  m_PrefabParentObject: {fileID: 0}
  m_PrefabInternal: {fileID: 100100000}
  m_GameObject: {fileID: 100008}
  m_Enabled: 1
  m_EditorHideFlags: 0
  m_Script: {fileID: 11500000, guid: cfa4a4a103e4fed43a7e9e9df4a6915c, type: 3}
  m_Name: 
  method: 0
  style: 0
  animationCurve:
    serializedVersion: 2
    m_Curve:
    - time: 0
      value: 0
      inSlope: 0
      outSlope: 1
      tangentMode: 0
    - time: 1
      value: 1
      inSlope: 1
      outSlope: 0
      tangentMode: 0
    m_PreInfinity: 2
    m_PostInfinity: 2
  ignoreTimeScale: 0
  delay: 2
  duration: 2
  steeperCurves: 0
  tweenGroup: 0
  eventReceiver: {fileID: 0}
  callWhenFinished: 
  from: {r: 1, g: 1, b: 1, a: 1}
  to: {r: 1, g: 1, b: 1, a: 0}
--- !u!114 &11400014
MonoBehaviour:
  m_ObjectHideFlags: 1
  m_PrefabParentObject: {fileID: 0}
  m_PrefabInternal: {fileID: 100100000}
  m_GameObject: {fileID: 100010}
  m_Enabled: 1
  m_EditorHideFlags: 0
  m_Script: {fileID: 11500000, guid: e9d0b5f3bbe925a408bd595c79d0bf63, type: 3}
  m_Name: 
  mMat: {fileID: 2100000, guid: 2042c68d1880d49569855b1cd9118a1c, type: 2}
  mTex: {fileID: 0}
  mColor: {r: .99253732, g: 1, b: .99592942, a: 1}
  mPivot: 4
  mDepth: 3
  mFont: {fileID: 11400000, guid: 60f7ad40293ce421688674842aa38a4b, type: 2}
  mText: '

'
  mMaxLineWidth: 0
  mEncoding: 0
  mMaxLineCount: 1
  mPassword: 0
  mShowLastChar: 0
  mEffectStyle: 0
  mEffectColor: {r: 0, g: 0, b: 0, a: 1}
  mSymbols: 1
  mEffectDistance: {x: 1, y: 1}
  mShrinkToFit: 0
  mLineWidth: 0
  mMultiline: 1
--- !u!114 &11400016
MonoBehaviour:
  m_ObjectHideFlags: 1
  m_PrefabParentObject: {fileID: 0}
  m_PrefabInternal: {fileID: 100100000}
  m_GameObject: {fileID: 100012}
  m_Enabled: 1
  m_EditorHideFlags: 0
  m_Script: {fileID: 11500000, guid: 9d33c6354b54fb847b16b36e1391868d, type: 3}
  m_Name: 
  mMat: {fileID: 0}
  mTex: {fileID: 0}
  mColor: {r: 1, g: 1, b: 1, a: 1}
  mPivot: 3
  mDepth: 4
  mAtlas: {fileID: 11400000, guid: 841a21467dff24b4794bb5bffcf8ab61, type: 2}
  mSpriteName: TexE_SubMissile
  mFillCenter: 1
  mType: 0
  mFillDirection: 4
  mFillAmount: 1
  mInvert: 0
--- !u!114 &11400018
MonoBehaviour:
  m_ObjectHideFlags: 1
  m_PrefabParentObject: {fileID: 0}
  m_PrefabInternal: {fileID: 100100000}
  m_GameObject: {fileID: 100012}
  m_Enabled: 1
  m_EditorHideFlags: 0
  m_Script: {fileID: 11500000, guid: cfa4a4a103e4fed43a7e9e9df4a6915c, type: 3}
  m_Name: 
  method: 0
  style: 0
  animationCurve:
    serializedVersion: 2
    m_Curve:
    - time: 0
      value: 0
      inSlope: 0
      outSlope: 1
      tangentMode: 0
    - time: 1
      value: 1
      inSlope: 1
      outSlope: 0
      tangentMode: 0
    m_PreInfinity: 2
    m_PostInfinity: 2
  ignoreTimeScale: 0
  delay: 2
  duration: 2
  steeperCurves: 0
  tweenGroup: 0
  eventReceiver: {fileID: 0}
  callWhenFinished: 
  from: {r: 1, g: 1, b: 1, a: 1}
  to: {r: 1, g: 1, b: 1, a: 0}
--- !u!114 &11400020
MonoBehaviour:
  m_ObjectHideFlags: 1
  m_PrefabParentObject: {fileID: 0}
  m_PrefabInternal: {fileID: 100100000}
  m_GameObject: {fileID: 100010}
  m_Enabled: 1
  m_EditorHideFlags: 0
  m_Script: {fileID: 1384774831, guid: e743331561ef77147ae48cda9bcb8209, type: 3}
  m_Name: 
  fsm:
    usedInTemplate: {fileID: 0}
    name: TempWeaponLabel
    startState: TempWeaponTime
    states:
    - name: TempWeaponTime
      description: 
      colorIndex: 3
      position:
        serializedVersion: 2
        x: 60
        y: 101
        width: 158
        height: 32
      isBreakpoint: 0
      hideUnused: 0
      transitions:
      - fsmEvent:
          name: OnTempWeaponUsing
          isSystemEvent: 0
          isGlobal: 0
        toState: SetText
        linkStyle: 0
        linkConstraint: 0
        colorIndex: 0
      actionData:
        actionNames:
        - FireMonitor
        customNames:
        - 
        actionEnabled: 01
        actionIsOpen: 01
        actionStartIndex: 00000000
        actionHashCodes: e8df3471
        unityObjectParams: []
        fsmGameObjectParams: []
        fsmOwnerDefaultParams: []
        animationCurveParams: []
        functionCallParams: []
        fsmTemplateControlParams: []
        fsmEventTargetParams: []
        fsmPropertyParams: []
        layoutOptionParams: []
        fsmStringParams:
        - useVariable: 1
          name: 
          tooltip: 
          showInInspector: 0
          networkSync: 0
          value: 
        fsmObjectParams: []
        fsmVarParams: []
        byteData: 4f6e54656d70576561706f6e5573696e67000000000152656d61696e54696d65
        arrayParamSizes: 
        arrayParamTypes: []
        customTypeSizes: 
        customTypeNames: []
        paramDataType: 170000001700000017000000170000001200000010000000
        paramName:
        - EventChangeWeapon
        - EventTempWeaponUsing
        - EventCheckMoneyOK
        - EventCheckMoneyFail
        - ChangeWeaponName
        - TempWeaponRemainTime
        paramDataPos: 000000000000000011000000110000000000000011000000
        paramByteDataSize: 00000000110000000000000000000000000000000f000000
    - name: SetText
      description: 
      colorIndex: 0
      position:
        serializedVersion: 2
        x: 280
        y: 132
        width: 100
        height: 32
      isBreakpoint: 0
      hideUnused: 0
      transitions:
      - fsmEvent:
          name: FINISHED
          isSystemEvent: 1
          isGlobal: 0
        toState: TempWeaponTime
        linkStyle: 0
        linkConstraint: 0
        colorIndex: 0
      actionData:
        actionNames:
        - HutongGames.PlayMaker.Actions.ConvertIntToString
        - SetNGUIData
        customNames:
        - 
        - 
        actionEnabled: 0101
        actionIsOpen: 0101
        actionStartIndex: 0000000004000000
        actionHashCodes: 644845ec45ebad48
        unityObjectParams: []
        fsmGameObjectParams:
        - useVariable: 0
          name: 
          tooltip: 
          showInInspector: 0
          networkSync: 0
          value: {fileID: 100010}
        fsmOwnerDefaultParams: []
        animationCurveParams: []
        functionCallParams: []
        fsmTemplateControlParams: []
        fsmEventTargetParams: []
        fsmPropertyParams: []
        layoutOptionParams: []
        fsmStringParams:
        - useVariable: 1
          name: szRemainTime
          tooltip: 
          showInInspector: 0
          networkSync: 0
          value: 
        - useVariable: 0
          name: 
          tooltip: 
          showInInspector: 0
          networkSync: 0
          value: 
        - useVariable: 1
          name: szRemainTime
          tooltip: 
          showInInspector: 0
          networkSync: 0
          value: 
        - useVariable: 0
          name: 
          tooltip: 
          showInInspector: 0
          networkSync: 0
          value: 
        fsmObjectParams: []
        fsmVarParams: []
        byteData: 000000000152656d61696e54696d650000000000
        arrayParamSizes: 
        arrayParamTypes: []
        customTypeSizes: 
        customTypeNames: []
        paramDataType: 100000001200000012000000010000001300000012000000120000001100000011000000
        paramName:
        - intVariable
        - stringVariable
        - format
        - everyFrame
        - UIWidget
        - Data
        - ConcatString
        - GetStringFromUITable
        - everyFrame
        paramDataPos: 0000000000000000010000000f0000000000000002000000030000001000000012000000
        paramByteDataSize: 0f0000000000000000000000010000000000000000000000000000000200000002000000
    events:
    - name: FINISHED
      isSystemEvent: 1
      isGlobal: 0
    - name: OnTempWeaponUsing
      isSystemEvent: 0
      isGlobal: 0
    globalTransitions: []
    variables:
      floatVariables: []
      intVariables:
      - useVariable: 1
        name: RemainTime
        tooltip: 
        showInInspector: 0
        networkSync: 0
        value: 0
      boolVariables: []
      stringVariables:
      - useVariable: 1
        name: szRemainTime
        tooltip: 
        showInInspector: 0
        networkSync: 0
        value: 
      vector2Variables: []
      vector3Variables: []
      colorVariables: []
      rectVariables: []
      quaternionVariables: []
      gameObjectVariables: []
      objectVariables: []
      materialVariables: []
      textureVariables: []
    description: "\u66F4\u65B0\u66AB\u6642\u6B66\u5668\u79D2\u6578"
    docUrl: 
    showStateLabel: 1
    maxLoopCount: 0
    watermark: 
    ExposedEvents: []
    RestartOnEnable: 1
    EnableDebugFlow: 0
    StepFrame: 0
    activeStateName: 
  fsmTemplate: {fileID: 0}
--- !u!114 &11400022
MonoBehaviour:
  m_ObjectHideFlags: 1
  m_PrefabParentObject: {fileID: 0}
  m_PrefabInternal: {fileID: 100100000}
  m_GameObject: {fileID: 100002}
  m_Enabled: 1
  m_EditorHideFlags: 0
  m_Script: {fileID: 11500000, guid: 0b5eb03fc441b4d8fa5e2b3d1547d7d5, type: 3}
  m_Name: 
  showEvents: 1
  showContent: 1
  TextureElementSmall: 0
  condensedView: 0
  liveUpdate: 0
  referenceName: 
  enablePlayMakerEvents: 0
  addEvent: 
  setEvent: 
  removeEvent: 
  contentPreviewStartIndex: 0
  contentPreviewMaxRows: 10
  preFillType: 0
  preFillObjectTypeIndex: 0
  preFillCount: 0
  preFillKeyList: []
  preFillBoolList: 
  preFillColorList: []
  preFillFloatList: []
  preFillGameObjectList: []
  preFillIntList: 
  preFillMaterialList: []
  preFillObjectList: []
  preFillQuaternionList: []
  preFillRectList: []
  preFillStringList: []
  preFillTextureList: []
  preFillVector2List: []
  preFillVector3List: []
--- !u!1001 &100100000
Prefab:
  m_ObjectHideFlags: 1
  serializedVersion: 2
  m_Modification:
    m_TransformParent: {fileID: 0}
    m_Modifications: []
    m_RemovedComponents: []
  m_ParentPrefab: {fileID: 0}
  m_RootGameObject: {fileID: 100002}
  m_IsPrefabParent: 1
  m_IsExploded: 1
